@InBook{Johnson2023a,
  author    = {Johnson, N.},
  pages     = {1--7},
  publisher = {Elsevier},
  title     = {A brief introduction to ticks},
  year      = {2023},
  isbn      = {9780323911481},
  booktitle = {Ticks},
  doi       = {10.1016/b978-0-323-91148-1.00001-0},
}

@InBook{Johnson2023b,
  author    = {Johnson, N.},
  pages     = {9--23},
  publisher = {Elsevier},
  title     = {Tick classification and diversity},
  year      = {2023},
  isbn      = {9780323911481},
  booktitle = {Ticks},
  doi       = {10.1016/b978-0-323-91148-1.00013-7},
}

@InBook{Johnson2023d,
  author    = {Johnson, N.},
  pages     = {45--63},
  publisher = {Elsevier},
  title     = {Blood feeding as a life choice and the multiple functions of tick saliva},
  year      = {2023},
  isbn      = {9780323911481},
  booktitle = {Ticks},
  doi       = {10.1016/b978-0-323-91148-1.00011-3},
}

@InBook{Johnson2023e,
  author    = {Johnson, N.},
  pages     = {65--74},
  publisher = {Elsevier},
  title     = {An introduction to tick-borne disease},
  year      = {2023},
  isbn      = {9780323911481},
  booktitle = {Ticks},
  doi       = {10.1016/b978-0-323-91148-1.00004-6},
}

@InBook{Johnson2023k,
  author    = {Johnson, N.},
  pages     = {171--175},
  publisher = {Elsevier},
  title     = {Climate change and control of ticks and tick-borne diseases},
  year      = {2023},
  isbn      = {9780323911481},
  booktitle = {Ticks},
  doi       = {10.1016/b978-0-323-91148-1.00007-1},
}


@InBook{Nicholson2019,
  author    = {Nicholson, W.L. and Sonenshine, D.E. and Noden, B.H. and Brown, R.N.},
  pages     = {603--672},
  publisher = {Elsevier},
  title     = {Ticks (Ixodida)},
  year      = {2019},
  isbn      = {9780128140437},
  booktitle = {Medical and Veterinary Entomology},
  doi       = {10.1016/b978-0-12-814043-7.00027-3},
}

@Article{Parola2001,
  author    = {Parola, P. and Raoult, D.},
  journal   = {Clinical Infectious Diseases},
  title     = {Ticks and Tickborne Bacterial Diseases in Humans: An Emerging Infectious Threat},
  year      = {2001},
  issn      = {1537-6591},
  month     = mar,
  number    = {6},
  pages     = {897--928},
  volume    = {32},
  doi       = {10.1086/319347},
  publisher = {Oxford University Press (OUP)},
}

@Article{Rochlin2020,
  author    = {Rochlin, I. and Toledo, A.},
  journal   = {Journal of Medical Microbiology},
  title     = {Emerging tick-borne pathogens of public health importance: a mini-review},
  year      = {2020},
  issn      = {1473-5644},
  month     = jun,
  number    = {6},
  pages     = {781--791},
  volume    = {69},
  doi       = {10.1099/jmm.0.001206},
  publisher = {Microbiology Society},
}

@Article{Kivaria2006,
  author    = {Kivaria, F.M.},
  journal   = {Tropical Animal Health and Production},
  title     = {Estimated direct economic costs associated with tick-borne diseases on cattle in Tanzania},
  year      = {2006},
  issn      = {1573-7438},
  month     = may,
  number    = {4},
  pages     = {291--299},
  volume    = {38},
  doi       = {10.1007/s11250-006-4181-2},
  publisher = {Springer Science and Business Media LLC},
}

@Article{Randolph1998,
  author    = {Randolph, S.E.},
  journal   = {Parasitology Today},
  title     = {Ticks are not Insects: Consequences of Contrasting Vector Biology for Transmission Potential},
  year      = {1998},
  issn      = {0169-4758},
  month     = may,
  number    = {5},
  pages     = {186--192},
  volume    = {14},
  doi       = {10.1016/s0169-4758(98)01224-1},
  publisher = {Elsevier BV},
}

@Article{Herrmann2015,
  author    = {Herrmann, C. and Gern, L.},
  journal   = {Parasites \& Vectors},
  title     = {Search for blood or water is influenced by Borrelia burgdorferi in Ixodes ricinus},
  year      = {2015},
  issn      = {1756-3305},
  number    = {1},
  pages     = {6},
  volume    = {8},
  doi       = {10.1186/s13071-014-0526-2},
  publisher = {Springer Science and Business Media LLC},
}

@Article{JohnstoneRobertson2020,
  author    = {Johnstone-Robertson, S.P. and Diuk-Wasser, M.A. and Davis, S.A.},
  journal   = {Theoretical Population Biology},
  title     = {Incorporating tick feeding behaviour into <mml:math xmlns:mml="http://www.w3.org/1998/Math/MathML" display="inline" id="d1e939" altimg="si151.svg">R0 for tick-borne pathogens},
  year      = {2020},
  issn      = {0040-5809},
  month     = feb,
  pages     = {25--37},
  volume    = {131},
  doi       = {10.1016/j.tpb.2019.10.004},
  publisher = {Elsevier BV},
}



@Article{Hurry2021,
  author    = {Hurry, G. and Maluenda, E. and Sarr, A. and Belli, A. and Hamilton, P. and Duron, O. and Plantard, O. and Voordouw, M.},
  title     = {Infection with Borrelia afzelii reduces moulting time of Ixodes ricinus ticks},
  year      = {2021},
  month     = jan,
  doi       = {10.21203/rs.3.rs-139147/v1},
  publisher = {Research Square Platform LLC},
}

@Article{LloydSmith2005,
  author    = {Lloyd-Smith, J.O. and Schreiber, S.J. and Kopp, P.E. and Getz, W.M.},
  journal   = {Nature},
  title     = {Superspreading and the effect of individual variation on disease emergence},
  year      = {2005},
  issn      = {1476-4687},
  month     = nov,
  number    = {7066},
  pages     = {355--359},
  volume    = {438},
  doi       = {10.1038/nature04153},
  publisher = {Springer Science and Business Media LLC},
}

@Article{Garske2008,
  author    = {Garske, T. and Rhodes, C.J.},
  journal   = {Journal of Theoretical Biology},
  title     = {The effect of superspreading on epidemic outbreak size distributions},
  year      = {2008},
  issn      = {0022-5193},
  month     = jul,
  number    = {2},
  pages     = {228--237},
  volume    = {253},
  doi       = {10.1016/j.jtbi.2008.02.038},
  publisher = {Elsevier BV},
}

@Article{Medlock2013,
  author    = {Medlock, J.M. and Hansford, K.M. and Bormane, A. and Derdakova, M. and Estrada-Peña, A. and George, J. and Golovljova, I. and Jaenson, T.G.T. and Jensen, J. and Jensen, P.M. and Kazimirova, M. and Oteo, J.A. and Papa, A. and Pfister, K. and Plantard, O. and Randolph, S.E. and Rizzoli, A. and Santos-Silva, M.M. and Sprong, H. and Vial, L. and Hendrickx, G. and Zeller, H. and Van Bortel, W.},
  journal   = {Parasites \& Vectors},
  title     = {Driving forces for changes in geographical distribution of Ixodes ricinus ticks in Europe},
  year      = {2013},
  issn      = {1756-3305},
  month     = jan,
  number    = {1},
  volume    = {6},
  doi       = {10.1186/1756-3305-6-1},
  publisher = {Springer Science and Business Media LLC},
}

@Article{Singh2022,
  author    = {Singh, K. and Kumar, S. and Sharma, A.K. and Jacob, S.S. and RamVerma, M. and Singh, N. Kumar and Shakya, M. and Sankar, M. and Ghosh, S.},
  journal   = {Experimental Parasitology},
  title     = {Economic impact of predominant ticks and tick-borne diseases on Indian dairy production systems},
  year      = {2022},
  issn      = {0014-4894},
  month     = dec,
  pages     = {108408},
  volume    = {243},
  doi       = {10.1016/j.exppara.2022.108408},
  publisher = {Elsevier BV},
}

@Article{HARRISON2012,
  author    = {Harrison, A. and Bennett, N.C.},
  journal   = {Parasitology},
  title     = {The importance of the aggregation of ticks on small mammal hosts for the establishment and persistence of tick-borne pathogens: an investigation using the R 0 model},
  year      = {2012},
  issn      = {1469-8161},
  month     = jul,
  number    = {12},
  pages     = {1605--1613},
  volume    = {139},
  doi       = {10.1017/s0031182012000893},
  publisher = {Cambridge University Press (CUP)},
}

@Article{VOORDOUW2014,
  author    = {Voordouw, M.J.},
  journal   = {Parasitology},
  title     = {Co-feeding transmission in Lyme disease pathogens},
  year      = {2014},
  issn      = {1469-8161},
  month     = oct,
  number    = {2},
  pages     = {290--302},
  volume    = {142},
  doi       = {10.1017/s0031182014001486},
  publisher = {Cambridge University Press (CUP)},
}

@Article{Ferreri2014,
  author    = {Ferreri, L. and Giacobini, M. and Bajardi, P. and Bertolotti, L. and Bolzoni, L. and Tagliapietra, V. and Rizzoli, A. and Rosà, R.},
  journal   = {PLoS Computational Biology},
  title     = {Pattern of Tick Aggregation on Mice: Larger Than Expected Distribution Tail Enhances the Spread of Tick-Borne Pathogens},
  year      = {2014},
  issn      = {1553-7358},
  month     = nov,
  number    = {11},
  pages     = {e1003931},
  volume    = {10},
  doi       = {10.1371/journal.pcbi.1003931},
  editor    = {Lloyd-Smith, James},
  publisher = {Public Library of Science (PLoS)},
}

@Article{Brunner2008,
  author    = {Brunner, J.L. and Ostfeld, R.S.},
  journal   = {Ecology},
  title     = {MULTIPLE CAUSES OF VARIABLE TICK BURDENS ON SMALL-MAMMAL HOSTS},
  year      = {2008},
  issn      = {0012-9658},
  month     = aug,
  number    = {8},
  pages     = {2259--2272},
  volume    = {89},
  doi       = {10.1890/07-0665.1},
  publisher = {Wiley},
}

@InBook{Athreya1972,
  author    = {Athreya, K.B. and Ney, P.E.},
  pages     = {1--65},
  publisher = {Springer Berlin Heidelberg},
  title     = {The Galton-Watson Process},
  year      = {1972},
  isbn      = {9783642653711},
  booktitle = {Branching Processes},
  doi       = {10.1007/978-3-642-65371-1_1},
}

@Book{Diekman2000,
  author  = {Diekmann, O. and Heesterbeek, J.A.P.},
  title   = {Mathematical Epidemiology of Infectious Diseases: Model Building, Analysis and Interpretation},
  year    = {2000},
  month   = {01},
  publisher = {Wiley},
  journal = {Wiley Series in Mathematical and Computational Biology, Chichester, Wiley},
}

@Misc{CDC2003,
  howpublished = {\url{https://www.cdc.gov/mmwr/preview/mmwrhtml/mm5218a1.htm}},
  note         = {Accessed: 2025-05-20},
  title        = {Severe Acute Respiratory Syndrome --- Singapore, 2003},
  year         = {2003},
  month        = may
}

@Article{Woolhouse1997,
  author    = {Woolhouse, M.E.J. and Dye, C. and Etard, J.F. and Smith, T. and Charlwood, J.D. and Garnett, G.P. and Hagan, P. and Hii, J.L.K. and Ndhlovu, P.D. and Quinnell, R.J. and Watts, C.H. and Chandiwana, S.K. and Anderson, R.M.},
  journal   = {Proceedings of the National Academy of Sciences},
  title     = {Heterogeneities in the transmission of infectious agents: Implications for the design of control programs},
  year      = {1997},
  issn      = {1091-6490},
  month     = jan,
  number    = {1},
  pages     = {338--342},
  volume    = {94},
  doi       = {10.1073/pnas.94.1.338},
  publisher = {Proceedings of the National Academy of Sciences},
}

@Article{Gray2024,
  author    = {Gray, J. and Kahl, O. and Zintl, A.},
  journal   = {Ticks and Tick-borne Diseases},
  title     = {Pathogens transmitted by Ixodes ricinus},
  year      = {2024},
  issn      = {1877-959X},
  month     = nov,
  number    = {6},
  pages     = {102402},
  volume    = {15},
  doi       = {10.1016/j.ttbdis.2024.102402},
  publisher = {Elsevier BV},
}

@Article{Bown2003,
  author    = {Bown, K.J. and Begon, M. and Bennett, M. and Woldehiwet, Z. and Ogden, N.H.},
  journal   = {Emerging Infectious Diseases},
  title     = {Seasonal Dynamics ofAnaplasmaphagocytophilain a Rodent-Tick (Ixodes trianguliceps) System, United Kingdom},
  year      = {2003},
  issn      = {1080-6059},
  month     = jan,
  number    = {1},
  pages     = {63--70},
  volume    = {9},
  doi       = {10.3201/eid0901.020169},
  publisher = {Centers for Disease Control and Prevention (CDC)},
}

@Article{Bown2008,
  author    = {Bown, K.J. and Lambin, X. and Telford, G.R. and Ogden, N.H. and Telfer, S. and Woldehiwet, Z. and Birtles, R.J.},
  journal   = {Applied and Environmental Microbiology},
  title     = {Relative Importance of Ixodes ricinus and Ixodes trianguliceps as Vectors for Anaplasma phagocytophilum and Babesia microti in Field Vole ( Microtus agrestis ) Populations},
  year      = {2008},
  issn      = {1098-5336},
  month     = dec,
  number    = {23},
  pages     = {7118--7125},
  volume    = {74},
  doi       = {10.1128/aem.00625-08},
  publisher = {American Society for Microbiology},
}

@Article{Bown2011,
	author    = {Bown, K.J. and Lambin, X. and Telford, G.R. and Heyder-Bruckner, D. and Ogden, N.H. and Birtles, R.J.},
	journal   = {Vector-Borne and Zoonotic Diseases},
	title     = {The Common Shrew (Sorex araneus): A Neglected Host of Tick-Borne Infections?},
	year      = {2011},
	issn      = {1557-7759},
	month     = jul,
	number    = {7},
	pages     = {947--953},
	volume    = {11},
	doi       = {10.1089/vbz.2010.0185},
	publisher = {Mary Ann Liebert Inc},
}

@InBook{Dautel2016,
  author    = {Dautel, H. and Kämmer, D. and Kahl, O.},
  pages     = {335--349},
  publisher = {Brill | Wageningen Academic},
  title     = {24. How an extreme weather spell in winter can influence vector tick abundance and tick-borne disease incidence},
  year      = {2016},
  isbn      = {9789086868384},
  month     = nov,
  booktitle = {Ecology and prevention of Lyme borreliosis},
  doi       = {10.3920/978-90-8686-838-4_24},
}

@Article{Randolph1994,
  author    = {Randolph, S.E.},
  journal   = {Parasitology},
  title     = {Density-dependent acquired resistance to ticks in natural hosts, independent of concurrent infection with Babesia microti},
  year      = {1994},
  issn      = {1469-8161},
  month     = may,
  number    = {4},
  pages     = {413--419},
  volume    = {108},
  doi       = {10.1017/s003118200007596x},
  publisher = {Cambridge University Press (CUP)},
}

@Article{Hartemink2008,
  author    = {Hartemink, N.A. and Randolph, S.E. and Davis, S.A. and Heesterbeek, J.A.P.},
  journal   = {The American Naturalist},
  title     = {The Basic Reproduction Number for Complex Disease Systems: Defining R0 for Tick‐Borne Infections},
  year      = {2008},
  issn      = {1537-5323},
  month     = jun,
  number    = {6},
  pages     = {743--754},
  volume    = {171},
  doi       = {10.1086/587530},
  publisher = {University of Chicago Press},
}

@Article{SHAW1998,
  author    = {Shaw, D.J. and Grenfell, B.T. and Dobson, A.P.},
  journal   = {Parasitology},
  title     = {Patterns of macroparasite aggregation in wildlife host populations},
  year      = {1998},
  issn      = {1469-8161},
  month     = dec,
  number    = {6},
  pages     = {597--610},
  volume    = {117},
  doi       = {10.1017/s0031182098003448},
  publisher = {Cambridge University Press (CUP)},
}

@Article{Bisanzio2010,
  author    = {Bisanzio, D. and Bertolotti, L. and Tomassone, L. and Amore, G. and Ragagli, C. and Mannelli, A. and Giacobini, M. and Provero, P.},
  journal   = {PLoS ONE},
  title     = {Modeling the Spread of Vector-Borne Diseases on Bipartite Networks},
  year      = {2010},
  issn      = {1932-6203},
  month     = nov,
  number    = {11},
  pages     = {e13796},
  volume    = {5},
  doi       = {10.1371/journal.pone.0013796},
  editor    = {Munayco, Cesar V.},
  publisher = {Public Library of Science (PLoS)},
}

@InBook{Brauer2008b,
  author    = {Brauer, F.},
  pages     = {133--146},
  publisher = {Springer Berlin Heidelberg},
  title     = {An Introduction to Networks in Epidemic Modeling},
  year      = {2008},
  isbn      = {9783540789116},
  booktitle = {Mathematical Epidemiology},
  doi       = {10.1007/978-3-540-78911-6_4},
  issn      = {0075-8434},
}

@InBook{Brauer2008a,
  author    = {Brauer, F.},
  pages     = {19--79},
  publisher = {Springer Berlin Heidelberg},
  title     = {Compartmental Models in Epidemiology},
  year      = {2008},
  isbn      = {9783540789116},
  booktitle = {Mathematical Epidemiology},
  doi       = {10.1007/978-3-540-78911-6_2},
  issn      = {0075-8434},
}


@Article{Allen2017,
  author    = {Allen, L.J.S.},
  journal   = {Infectious Disease Modelling},
  title     = {A primer on stochastic epidemic models: Formulation, numerical simulation, and analysis},
  year      = {2017},
  issn      = {2468-0427},
  month     = may,
  number    = {2},
  pages     = {128--142},
  volume    = {2},
  doi       = {10.1016/j.idm.2017.03.001},
  publisher = {Elsevier BV},
}

@Article{Vial2009,
  author    = {Vial, L.},
  journal   = {Parasite},
  title     = {Biological and ecological characteristics of soft ticks (Ixodida: Argasidae) and their impact for predicting tick and associated disease distribution},
  year      = {2009},
  issn      = {1776-1042},
  month     = sep,
  number    = {3},
  pages     = {191--202},
  volume    = {16},
  doi       = {10.1051/parasite/2009163191},
  publisher = {EDP Sciences},
}

@InBook{Allen2019,
  author    = {Allen, L.J.S.},
  pages     = {112--119},
  publisher = {University of California Press},
  title     = {Branching Processes},
  year      = {2019},
  month     = dec,
  booktitle = {Encyclopedia of Theoretical Ecology},
  doi       = {10.1525/9780520951785-022},
}

@Article{Norman2004,
  author    = {Norman, R. and Ross, D. and Karen Laurenson, M. and Hudson, P.J.},
  journal   = {Journal of Mathematical Biology},
  title     = {The role of non-viraemic transmission on the persistence and dynamics of a tick borne virus? Louping ill in red grouse (Lagopus lagopus scoticus) and mountain hares (Lepus timidus)},
  year      = {2004},
  issn      = {1432-1416},
  month     = feb,
  number    = {2},
  pages     = {119--134},
  volume    = {48},
  doi       = {10.1007/s00285-002-0183-5},
  publisher = {Springer Science and Business Media LLC},
}

@Article{Rosa2003,
  author    = {Rosà, R. and Pugliese, A. and Norman, R. and Hudson, P.J.},
  journal   = {Journal of Theoretical Biology},
  title     = {Thresholds for disease persistence in models for tick-borne infections including non-viraemic transmission, extended feeding and tick aggregation},
  year      = {2003},
  issn      = {0022-5193},
  month     = oct,
  number    = {3},
  pages     = {359--376},
  volume    = {224},
  doi       = {10.1016/s0022-5193(03)00173-5},
  publisher = {Elsevier BV},
}

@InBook{gray2014,
  author    = {Gray, J.S. and Estrada-Peña, A. and Vial L.},
  pages     = {39--60},
  publisher = {OUP USA},
  title     = {Ecology of Nidicolous Ticks},
  year      = {2014},
  isbn      = {9780199744060},
  number    = {v. 2},
  series    = {Biology of Ticks Volume 2},
  booktitle = {Biology of Ticks Volume 2},
  lccn      = {2012045386},
  url       = {https://books.google.com.au/books?id=gck4AAAAQBAJ},
}

@Book{Rice2007,
  author    = {Rice, J.A.},
  publisher = {Thomson Brooks/Cole},
  title     = {Mathematical statistics and data analysis},
  year      = {2007},
  address   = {Belmont, Calif.},
  edition   = {3. ed., internat. student ed.},
  isbn      = {9780495118688},
  note      = {teilweise auch mit CD-ROM, ISBN der CD-ROM: 0-495-10986-X},
  series    = {Duxbury advanced series},
  pagetotal = {60363},
  ppn_gvk   = {1627677593},
}

@Article{Alkishe_2017,
  author    = {Alkishe, A.A. and Townsend Peterson, A.  and Samy, A.M.},
  title     = {Climate change influences on the potential geographic distribution of the disease vector tick Ixodes ricinus},
  journal   = {PLOS ONE},
  year      = {2017},
  volume    = {12},
  number    = {12},
  pages     = {e0189092},
  month     = dec,
  issn      = {1932-6203},
  doi       = {10.1371/journal.pone.0189092},
  editor    = {Wooten, R. Mark},
  publisher = {Public Library of Science (PLoS)},
}

@Article{Cunze_2022,
  author    = {Cunze, S. and Glock, G. and Kochmann, J. and Klimpel, S.},
  title     = {Ticks on the move—climate change-induced range shifts of three tick species in Europe: current and future habitat suitability for Ixodes ricinus in comparison with Dermacentor reticulatus and Dermacentor marginatus},
  journal   = {Parasitology Research},
  year      = {2022},
  volume    = {121},
  number    = {8},
  pages     = {2241--2252},
  month     = jun,
  issn      = {1432-1955},
  doi       = {10.1007/s00436-022-07556-x},
  publisher = {Springer Science and Business Media LLC},
}

@InBook{Pf_ffle_2017,
  pages     = {167--171},
  title     = {Ixodes trianguliceps Birula, 1895 (Figs. 57–59)},
  publisher = {Springer International Publishing},
  year      = {2017},
  author    = {Pfäffle, M.P. and Petney, T.N. and Madder, M.},
  isbn      = {9783319637600},
  booktitle = {Ticks of Europe and North Africa},
  doi       = {10.1007/978-3-319-63760-0_34},
}

@InBook{Otranto_2017,
  pages     = {189--195},
  title     = {Ixodes ricinus (Linnaeus, 1758) (Figs. 67−69)},
  publisher = {Springer International Publishing},
  year      = {2017},
  author    = {Otranto, D. and Dantas-Torres, F. and Santos-Silva, M.M.},
  isbn      = {9783319637600},
  booktitle = {Ticks of Europe and North Africa},
  doi       = {10.1007/978-3-319-63760-0_38},
}

@Article{Lim2020,
  author    = {Lim, J. and Cho, S. and Ryu, S. and Pak, S.},
  title     = {Interpretation of the Basic and Effective Reproduction Number},
  journal   = {Journal of Preventive Medicine and Public Health},
  year      = {2020},
  volume    = {53},
  number    = {6},
  pages     = {405--408},
  month     = nov,
  issn      = {2233-4521},
  doi       = {10.3961/jpmph.20.288},
  publisher = {Korean Society for Preventive Medicine},
}

@Article{Jewell2022,
  author    = {Jewell, N.P. and Lewnard, J.A.},
  title     = {On the use of the Reproduction Number for SARS-COV-2: Estimation, Misinterpretations and Relationships with other Ecological Measures},
  journal   = {Journal of the Royal Statistical Society Series A: Statistics in Society},
  year      = {2022},
  volume    = {185},
  number    = {Supplement_1},
  pages     = {S16–S27},
  month     = jun,
  issn      = {1467-985X},
  doi       = {10.1111/rssa.12860},
  publisher = {Oxford University Press (OUP)},
}

@Article{VanderWaal_2016,
	author    = {VanderWaal, K.L. and Ezenwa, V.O.},
	title     = {Heterogeneity in pathogen transmission: mechanisms and methodology},
	journal   = {Functional Ecology},
	year      = {2016},
	volume    = {30},
	number    = {10},
	pages     = {1606--1622},
	month     = mar,
	issn      = {1365-2435},
	doi       = {10.1111/1365-2435.12645},
	editor    = {Hawley, Dana},
	publisher = {Wiley},
}

@Comment{jabref-meta: databaseType:bibtex;}
