@Article{Garske2008,
  author    = {Garske, T. and Rhodes, C.J.},
  journal   = {Journal of Theoretical Biology},
  title     = {The effect of superspreading on epidemic outbreak size distributions},
  year      = {2008},
  issn      = {0022-5193},
  month     = jul,
  number    = {2},
  pages     = {228--237},
  volume    = {253},
  doi       = {10.1016/j.jtbi.2008.02.038},
  publisher = {Elsevier BV},
}
