@Article{Lloyd2007,
  author    = {Lloyd, Alun L and Zhang, Ji and Root, A.Morgan},
  journal   = {Journal of The Royal Society Interface},
  title     = {Stochasticity and heterogeneity in host–vector models},
  year      = {2007},
  issn      = {1742-5662},
  month     = jun,
  number    = {16},
  pages     = {851--863},
  volume    = {4},
  doi       = {10.1098/rsif.2007.1064},
  publisher = {The Royal Society},
}

@Article{Southall2023,
  author    = {Southall, E. and Ogi-Gittins, Z. and Kaye, A.R. and Hart, W.S. and Lovell-Read, F.A. and Thompson, R.N.},
  journal   = {Journal of Theoretical Biology},
  title     = {A practical guide to mathematical methods for estimating infectious disease outbreak risks},
  year      = {2023},
  issn      = {0022-5193},
  month     = apr,
  pages     = {111417},
  volume    = {562},
  doi       = {10.1016/j.jtbi.2023.111417},
  publisher = {Elsevier BV},
}

@Article{Coque2023,
  author    = {Coque, Teresa M. and Cantón, Rafael and Pérez-Cobas, Ana Elena and Fernández-de-Bobadilla, Miguel D. and Baquero, Fernando},
  journal   = {Microorganisms},
  title     = {Antimicrobial Resistance in the Global Health Network: Known Unknowns and Challenges for Efficient Responses in the 21st Century},
  year      = {2023},
  issn      = {2076-2607},
  month     = apr,
  number    = {4},
  pages     = {1050},
  volume    = {11},
  doi       = {10.3390/microorganisms11041050},
  publisher = {MDPI AG},
}

@Article{Stockmaier2021,
  author    = {Stockmaier, Sebastian and Stroeymeyt, Nathalie and Shattuck, Eric C. and Hawley, Dana M. and Meyers, Lauren Ancel and Bolnick, Daniel I.},
  journal   = {Science},
  title     = {Infectious diseases and social distancing in nature},
  year      = {2021},
  issn      = {1095-9203},
  month     = mar,
  number    = {6533},
  volume    = {371},
  doi       = {10.1126/science.abc8881},
  publisher = {American Association for the Advancement of Science (AAAS)},
}

@Article{Ke2022,
  author    = {Ke, Ruian and Martinez, Pamela P. and Smith, Rebecca L. and Gibson, Laura L. and Mirza, Agha and Conte, Madison and Gallagher, Nicholas and Luo, Chun Huai and Jarrett, Junko and Zhou, Ruifeng and Conte, Abigail and Liu, Tongyu and Farjo, Mireille and Walden, Kimberly K. O. and Rendon, Gloria and Fields, Christopher J. and Wang, Leyi and Fredrickson, Richard and Edmonson, Darci C. and Baughman, Melinda E. and Chiu, Karen K. and Choi, Hannah and Scardina, Kevin R. and Bradley, Shannon and Gloss, Stacy L. and Reinhart, Crystal and Yedetore, Jagadeesh and Quicksall, Jessica and Owens, Alyssa N. and Broach, John and Barton, Bruce and Lazar, Peter and Heetderks, William J. and Robinson, Matthew L. and Mostafa, Heba H. and Manabe, Yukari C. and Pekosz, Andrew and McManus, David D. and Brooke, Christopher B.},
  journal   = {Nature Microbiology},
  title     = {Daily longitudinal sampling of SARS-CoV-2 infection reveals substantial heterogeneity in infectiousness},
  year      = {2022},
  issn      = {2058-5276},
  month     = apr,
  number    = {5},
  pages     = {640--652},
  volume    = {7},
  doi       = {10.1038/s41564-022-01105-z},
  publisher = {Springer Science and Business Media LLC},
}

@Article{Nielsen2021,
  author    = {Nielsen, Bjarke Frost and Simonsen, Lone and Sneppen, Kim},
  journal   = {Physical Review Letters},
  title     = {COVID-19 Superspreading Suggests Mitigation by Social Network Modulation},
  year      = {2021},
  issn      = {1079-7114},
  month     = mar,
  number    = {11},
  pages     = {118301},
  volume    = {126},
  doi       = {10.1103/physrevlett.126.118301},
  publisher = {American Physical Society (APS)},
}

@Article{Sneppen2021,
  author    = {Sneppen, Kim and Nielsen, Bjarke Frost and Taylor, Robert J. and Simonsen, Lone},
  journal   = {Proceedings of the National Academy of Sciences},
  title     = {Overdispersion in COVID-19 increases the effectiveness of limiting nonrepetitive contacts for transmission control},
  year      = {2021},
  issn      = {1091-6490},
  month     = mar,
  number    = {14},
  volume    = {118},
  doi       = {10.1073/pnas.2016623118},
  publisher = {Proceedings of the National Academy of Sciences},
}

@Article{Gomes2022,
  author    = {Gomes, M. Gabriela M. and Ferreira, Marcelo U. and Corder, Rodrigo M. and King, Jessica G. and Souto-Maior, Caetano and Penha-Gonçalves, Carlos and Gonçalves, Guilherme and Chikina, Maria and Pegden, Wesley and Aguas, Ricardo},
  journal   = {Journal of Theoretical Biology},
  title     = {Individual variation in susceptibility or exposure to SARS-CoV-2 lowers the herd immunity threshold},
  year      = {2022},
  issn      = {0022-5193},
  month     = may,
  pages     = {111063},
  volume    = {540},
  doi       = {10.1016/j.jtbi.2022.111063},
  publisher = {Elsevier BV},
}

@Article{Lima2021,
  author    = {Lima, L. L. and Atman, A. P. F.},
  journal   = {PLOS ONE},
  title     = {Impact of mobility restriction in COVID-19 superspreading events using agent-based model},
  year      = {2021},
  issn      = {1932-6203},
  month     = mar,
  number    = {3},
  pages     = {e0248708},
  volume    = {16},
  doi       = {10.1371/journal.pone.0248708},
  editor    = {Braunstein, Lidia Adriana},
  publisher = {Public Library of Science (PLoS)},
}

@Article{Althouse2020,
  author    = {Althouse, Benjamin M. and Wenger, Edward A. and Miller, Joel C. and Scarpino, Samuel V. and Allard, Antoine and Hébert-Dufresne, Laurent and Hu, Hao},
  journal   = {PLOS Biology},
  title     = {Superspreading events in the transmission dynamics of SARS-CoV-2: Opportunities for interventions and control},
  year      = {2020},
  issn      = {1545-7885},
  month     = nov,
  number    = {11},
  pages     = {e3000897},
  volume    = {18},
  doi       = {10.1371/journal.pbio.3000897},
  publisher = {Public Library of Science (PLoS)},
}

@Article{Garske2008,
  author    = {Garske, T. and Rhodes, C.J.},
  journal   = {Journal of Theoretical Biology},
  title     = {The effect of superspreading on epidemic outbreak size distributions},
  year      = {2008},
  issn      = {0022-5193},
  month     = jul,
  number    = {2},
  pages     = {228--237},
  volume    = {253},
  doi       = {10.1016/j.jtbi.2008.02.038},
  publisher = {Elsevier BV},
}

@Article{PastorSatorras2002,
  author    = {Pastor-Satorras, Romualdo and Vespignani, Alessandro},
  journal   = {Physical Review E},
  title     = {Epidemic dynamics in finite size scale-free networks},
  year      = {2002},
  issn      = {1095-3787},
  month     = mar,
  number    = {3},
  pages     = {035108},
  volume    = {65},
  doi       = {10.1103/physreve.65.035108},
  publisher = {American Physical Society (APS)},
}

@Article{LloydSmith2005,
  author    = {Lloyd-Smith, J. O. and Schreiber, S. J. and Kopp, P. E. and Getz, W. M.},
  journal   = {Nature},
  title     = {Superspreading and the effect of individual variation on disease emergence},
  year      = {2005},
  issn      = {1476-4687},
  month     = nov,
  number    = {7066},
  pages     = {355--359},
  volume    = {438},
  doi       = {10.1038/nature04153},
  publisher = {Springer Science and Business Media LLC},
}

@Book{article,
  author  = {Diekmann, Odo and Heesterbeek, J.A.P.},
  title   = {Mathematical Epidemiology of Infectious Diseases: Model Building, Analysis and Interpretation},
  year    = {2000},
  month   = {01},
  journal = {Wiley Series in Mathematical and Computational Biology, Chichester, Wiley},
}

@Misc{CDC2003,
  howpublished = {\url{https://www.cdc.gov/mmwr/preview/mmwrhtml/mm5218a1.htm}},
  note         = {Accessed: 2025-05-20},
  title        = {Severe Acute Respiratory Syndrome --- Singapore, 2003},
  year         = {2003},
}

@Article{Woolhouse1997,
  author    = {Woolhouse, M. E. J. and Dye, C. and Etard, J.-F. and Smith, T. and Charlwood, J. D. and Garnett, G. P. and Hagan, P. and Hii, J. L. K. and Ndhlovu, P. D. and Quinnell, R. J. and Watts, C. H. and Chandiwana, S. K. and Anderson, R. M.},
  journal   = {Proceedings of the National Academy of Sciences},
  title     = {Heterogeneities in the transmission of infectious agents: Implications for the design of control programs},
  year      = {1997},
  issn      = {1091-6490},
  month     = jan,
  number    = {1},
  pages     = {338--342},
  volume    = {94},
  doi       = {10.1073/pnas.94.1.338},
  publisher = {Proceedings of the National Academy of Sciences},
}

@Article{Lipsitch2003,
  author    = {Lipsitch, Marc and Cohen, Ted and Cooper, Ben and Robins, James M. and Ma, Stefan and James, Lyn and Gopalakrishna, Gowri and Chew, Suok Kai and Tan, Chorh Chuan and Samore, Matthew H. and Fisman, David and Murray, Megan},
  journal   = {Science},
  title     = {Transmission Dynamics and Control of Severe Acute Respiratory Syndrome},
  year      = {2003},
  issn      = {1095-9203},
  month     = jun,
  number    = {5627},
  pages     = {1966--1970},
  volume    = {300},
  doi       = {10.1126/science.1086616},
  publisher = {American Association for the Advancement of Science (AAAS)},
}

@InBook{Brauer2008a,
  author    = {Brauer, Fred},
  pages     = {19--79},
  publisher = {Springer Berlin Heidelberg},
  title     = {Compartmental Models in Epidemiology},
  year      = {2008},
  isbn      = {9783540789116},
  booktitle = {Mathematical Epidemiology},
  doi       = {10.1007/978-3-540-78911-6_2},
  issn      = {0075-8434},
}

@InBook{Brauer2008b,
  author    = {Brauer, Fred},
  pages     = {133--146},
  publisher = {Springer Berlin Heidelberg},
  title     = {An Introduction to Networks in Epidemic Modeling},
  year      = {2008},
  isbn      = {9783540789116},
  booktitle = {Mathematical Epidemiology},
  doi       = {10.1007/978-3-540-78911-6_4},
  issn      = {0075-8434},
}

@Article{Allen2017,
  author    = {Allen, Linda J.S.},
  journal   = {Infectious Disease Modelling},
  title     = {A primer on stochastic epidemic models: Formulation, numerical simulation, and analysis},
  year      = {2017},
  issn      = {2468-0427},
  month     = may,
  number    = {2},
  pages     = {128--142},
  volume    = {2},
  doi       = {10.1016/j.idm.2017.03.001},
  publisher = {Elsevier BV},
}

@InBook{Allen2019,
  author    = {Allen, Linda J. S.},
  pages     = {112--119},
  publisher = {University of California Press},
  title     = {Branching Processes},
  year      = {2019},
  month     = dec,
  booktitle = {Encyclopedia of Theoretical Ecology},
  doi       = {10.1525/9780520951785-022},
}

@Comment{jabref-meta: databaseType:bibtex;}
