% Encoding: UTF-8
@Article{Ferreri2014,
  author    = {Ferreri, Luca and Giacobini, Mario and Bajardi, Paolo and Bertolotti, Luigi and Bolzoni, Luca and Tagliapietra, Valentina and Rizzoli, Annapaola and Rosà, Roberto},
  journal   = {PLoS Computational Biology},
  title     = {Pattern of Tick Aggregation on Mice: Larger Than Expected Distribution Tail Enhances the Spread of Tick-Borne Pathogens},
  year      = {2014},
  issn      = {1553-7358},
  month     = nov,
  number    = {11},
  pages     = {e1003931},
  volume    = {10},
  doi       = {10.1371/journal.pcbi.1003931},
  editor    = {Lloyd-Smith, James},
  publisher = {Public Library of Science (PLoS)},
}

@Article{SHAW1998,
  author    = {Shaw, D.J. and Grenfell, B.T. and Dobson, A.P.},
  journal   = {Parasitology},
  title     = {Patterns of macroparasite aggregation in wildlife host populations},
  year      = {1998},
  issn      = {1469-8161},
  month     = dec,
  number    = {6},
  pages     = {597--610},
  volume    = {117},
  doi       = {10.1017/s0031182098003448},
  publisher = {Cambridge University Press (CUP)},
}

@Article{Brunner2008,
  author    = {Brunner, Jesse L. and Ostfeld, Richard S.},
  journal   = {Ecology},
  title     = {MULTIPLE CAUSES OF VARIABLE TICK BURDENS ON SMALL-MAMMAL HOSTS},
  year      = {2008},
  issn      = {0012-9658},
  month     = aug,
  number    = {8},
  pages     = {2259--2272},
  volume    = {89},
  doi       = {10.1890/07-0665.1},
  publisher = {Wiley},
}

@Article{HARRISON2012,
  author    = {Harrison, Alan and Bennett, Nigel C.},
  journal   = {Parasitology},
  title     = {The importance of the aggregation of ticks on small mammal hosts for the establishment and persistence of tick-borne pathogens: an investigation using the R 0 model},
  year      = {2012},
  issn      = {1469-8161},
  month     = jul,
  number    = {12},
  pages     = {1605--1613},
  volume    = {139},
  doi       = {10.1017/s0031182012000893},
  publisher = {Cambridge University Press (CUP)},
}

@Article{NORMAN2015,
  author    = {NORMAN, R. A. and WORTON, A. J. and GILBERT, L.},
  journal   = {Parasitology},
  title     = {Past and future perspectives on mathematical models of tick-borne pathogens},
  year      = {2015},
  issn      = {1469-8161},
  month     = dec,
  number    = {7},
  pages     = {850--859},
  volume    = {143},
  doi       = {10.1017/s0031182015001523},
  publisher = {Cambridge University Press (CUP)},
}

@Article{JohnstoneRobertson2020,
  author    = {Johnstone-Robertson, Simon P. and Diuk-Wasser, Maria A. and Davis, Stephen A.},
  journal   = {Theoretical Population Biology},
  title     = {Incorporating tick feeding behaviour into <mml:math xmlns:mml="http://www.w3.org/1998/Math/MathML" display="inline" id="d1e939" altimg="si151.svg">R0 for tick-borne pathogens},
  year      = {2020},
  issn      = {0040-5809},
  month     = feb,
  pages     = {25--37},
  volume    = {131},
  doi       = {10.1016/j.tpb.2019.10.004},
  publisher = {Elsevier BV},
}

@Article{Hofmeester2016,
  author    = {Hofmeester, T R and Coipan, E C and van Wieren, S E and Prins, H H T and Takken, W and Sprong, H},
  journal   = {Environmental Research Letters},
  title     = {Few vertebrate species dominate the Borrelia burgdorferi s.l. life cycle},
  year      = {2016},
  issn      = {1748-9326},
  month     = apr,
  number    = {4},
  pages     = {043001},
  volume    = {11},
  doi       = {10.1088/1748-9326/11/4/043001},
  publisher = {IOP Publishing},
}

@Article{Occhibove2022,
  author    = {Occhibove, Flavia and Kenobi, Kim and Swain, Martin and Risley, Claire},
  journal   = {Ecological Applications},
  title     = {An eco‐epidemiological modeling approach to investigate dilution effect in two different tick‐borne pathosystems},
  year      = {2022},
  issn      = {1939-5582},
  month     = mar,
  number    = {3},
  volume    = {32},
  doi       = {10.1002/eap.2550},
  publisher = {Wiley},
}

@Article{Hartemink2008,
  author    = {Hartemink, N.A. and Randolph, S.E. and Davis, S.A. and Heesterbeek, J.A.P.},
  journal   = {The American Naturalist},
  title     = {The Basic Reproduction Number for Complex Disease Systems: DefiningR0for Tick‐Borne Infections},
  year      = {2008},
  issn      = {1537-5323},
  month     = jun,
  number    = {6},
  pages     = {743--754},
  volume    = {171},
  doi       = {10.1086/587530},
  publisher = {University of Chicago Press},
}

@Article{Bisanzio2010,
  author    = {Bisanzio, D. and Bertolotti, L. and Tomassone, L. and Amore, G. and Ragagli, C. and Mannelli, A. and Giacobini, M. and Provero, P.},
  journal   = {PLoS ONE},
  title     = {Modeling the Spread of Vector-Borne Diseases on Bipartite Networks},
  year      = {2010},
  issn      = {1932-6203},
  month     = nov,
  number    = {11},
  pages     = {e13796},
  volume    = {5},
  doi       = {10.1371/journal.pone.0013796},
  editor    = {Munayco, Cesar V.},
  publisher = {Public Library of Science (PLoS)},
}

@Article{Rosa2003,
  author    = {Rosà, Roberto and Pugliese, Andrea and Norman, Rachel and Hudson, Peter J.},
  journal   = {Journal of Theoretical Biology},
  title     = {Thresholds for disease persistence in models for tick-borne infections including non-viraemic transmission, extended feeding and tick aggregation},
  year      = {2003},
  issn      = {0022-5193},
  month     = oct,
  number    = {3},
  pages     = {359--376},
  volume    = {224},
  doi       = {10.1016/s0022-5193(03)00173-5},
  publisher = {Elsevier BV},
}

@Article{Norman2004,
  author    = {Norman, Rachel and Ross, David and Karen Laurenson, M. and Hudson, Peter J.},
  journal   = {Journal of Mathematical Biology},
  title     = {The role of non-viraemic transmission on the persistence and dynamics of a tick borne virus ? Louping ill in red grouse (Lagopus lagopus scoticus) and mountain hares (Lepus timidus)},
  year      = {2004},
  issn      = {1432-1416},
  month     = feb,
  number    = {2},
  pages     = {119--134},
  volume    = {48},
  doi       = {10.1007/s00285-002-0183-5},
  publisher = {Springer Science and Business Media LLC},
}

@Comment{jabref-meta: databaseType:bibtex;}
